@book{book1,
    author =       "Stanisław Osowski",
    title =        "Sieci neuronowe w ujęciu algorytmicznym",
    year =         "1996",
    ISBN=          "83-204-2197-7"
}

@book{book2,
    author =       "Valentino Zocca and Gianmario Spacagna and Daniel Slater and Peter Roelantsi",
    title =        "Deep Learning. Uczenie głębokie z językiem Python. Sztuczna inteligencja i sieci neuronowe",
    year =         "2018",
    ISBN=          "978-83-283-4174-6"
}


