@book{book1,
    author =       "Stanisław Osowski",
    title =        "Sieci neuronowe w ujęciu algorytmicznym",
    year =         "1996",
    ISBN=          "83-204-2197-7"
}

@book{book2,
    author =       "Valentino Zocca and Gianmario Spacagna and Daniel Slater and Peter Roelantsi",
    title =        "Deep Learning. Uczenie głębokie z językiem Python. Sztuczna inteligencja i sieci neuronowe",
    year =         "2018",
    ISBN=          "978-83-283-4174-6"
}

@book{book3,
    author =       "Roman Zajdel, dr hab. inż. prof. PRz  .",
    title =        "Sztuczna inteligencja, Laboratorium, Ćwiczenie 6. Model neuronu"
}

@book{book4,
    author =       "Roman Zajdel, dr hab. inż. prof. PRz  .",
    title =        "Sztuczna inteligencja, Laboratorium, Ćwiczenie 8. Sieć jednokierunkowa jednowarstwowa"
}

@book{book5,
    author =       "Robert Kosiński",
    title =        "Sztuczne sieci neuronowe. Dynamika nieliniowa i chaos",
    year =         "2014",
    ISBN=          "978-83-7926-221-2"
}

@book{book6,
    author =       "Roman Zajdel, dr hab. inż. prof. PRz  .",
    title =        "Sztuczna inteligencja, Laboratorium, Ćwiczenie 9. Sieć jednokierunkowa wielowarstwowa"
}

@online{online1, 
    author = "MathWorks",
    title = "Gradient descent backpropagation",
    url = "https://in.mathworks.com/help/deeplearning/ref/traingd.html?s_tid=mwa_osa_a",
}

@online{online2, 
    author = "MathWorks",
    title = "Generate indices for training and test sets",
    url = "https://in.mathworks.com/help/bioinfo/ref/crossvalind.html?s_tid=srchtitle",
}
